[gd_scene load_steps=4 format=2]

[ext_resource path="res://DFASpace.gd" type="Script" id=1]
[ext_resource path="res://Label.gd" type="Script" id=2]

[sub_resource type="RectangleShape2D" id=1]
extents = Vector2( 800, 450 )

[node name="DFASpace" type="Area2D"]
script = ExtResource( 1 )

[node name="Background" type="CollisionShape2D" parent="."]
position = Vector2( 800, 450 )
z_index = 1
shape = SubResource( 1 )

[node name="ButtonPanel" type="Panel" parent="."]
margin_top = 840.0
margin_right = 1023.0
margin_bottom = 900.0

[node name="newR" type="Button" parent="ButtonPanel"]
margin_left = 20.0
margin_top = 20.0
text = "New (R) State"

[node name="newA" type="Button" parent="ButtonPanel"]
margin_left = 140.0
margin_top = 20.0
text = "New (A) State"

[node name="transitionAdd" type="Button" parent="ButtonPanel"]
margin_left = 260.16
margin_top = 20.0
margin_right = 364.16
margin_bottom = 40.0
text = "Add Transition"

[node name="reset" type="Button" parent="ButtonPanel"]
margin_left = 654.294
margin_top = 18.892
margin_right = 702.295
margin_bottom = 38.892
text = "Reset"

[node name="transitionEdit" type="Button" parent="ButtonPanel"]
margin_left = 384.025
margin_top = 20.0
margin_right = 492.025
margin_bottom = 40.0
text = "Edit transitions"

[node name="checkSolution" type="Button" parent="ButtonPanel"]
margin_left = 715.429
margin_top = 22.2161
margin_right = 821.429
margin_bottom = 42.2161
text = "Check Solution"

[node name="delet" type="Button" parent="ButtonPanel"]
margin_left = 582.753
margin_top = 21.108
margin_right = 637.753
margin_bottom = 41.108
text = "Delete"

[node name="setStart" type="Button" parent="ButtonPanel"]
margin_left = 505.263
margin_top = 21.0526
margin_right = 566.263
margin_bottom = 41.0526
text = "Setstart"

[node name="ModePanel" type="Panel" parent="."]
margin_left = 1300.0
margin_top = 2.0
margin_right = 1600.0
margin_bottom = 42.0

[node name="Mode" type="Label" parent="ModePanel"]
margin_top = -1.0
margin_right = 61.0
margin_bottom = 42.0
text = "Mode:"
valign = 1

[node name="ModeContainer" type="Label" parent="ModePanel"]
margin_left = 49.0
margin_top = -2.0
margin_right = 190.0
margin_bottom = 41.0
valign = 1

[node name="ExamplesPanel" type="Panel" parent="."]
margin_left = 1200.0
margin_top = 400.0
margin_right = 1600.0
margin_bottom = 900.0

[node name="Label" type="Label" parent="ExamplesPanel"]
margin_left = 1.0
margin_top = 9.0
margin_right = 402.0
margin_bottom = 500.0
autowrap = true
script = ExtResource( 2 )
[connection signal="pressed" from="ButtonPanel/newR" to="." method="_on_newR_pressed"]
[connection signal="pressed" from="ButtonPanel/newA" to="." method="_on_newA_pressed"]
[connection signal="pressed" from="ButtonPanel/transitionAdd" to="." method="_on_transitionAdd_pressed"]
[connection signal="pressed" from="ButtonPanel/reset" to="." method="_on_reset_pressed"]
[connection signal="pressed" from="ButtonPanel/transitionEdit" to="." method="_on_transitionEdit_pressed"]
[connection signal="pressed" from="ButtonPanel/checkSolution" to="." method="_on_checkSolution_pressed"]
[connection signal="pressed" from="ButtonPanel/delet" to="." method="_on_delet_pressed"]
[connection signal="pressed" from="ButtonPanel/setStart" to="." method="_on_setStart_pressed"]
